@book {Schrijver03,
    AUTHOR = {Schrijver, A.},
     TITLE = {Combinatorial optimization. {P}olyhedra and efficiency. {V}ol.
              {A}},
    SERIES = {Algorithms and Combinatorics},
    VOLUME = {24},
      NOTE = {Paths, flows, matchings,
              Chapters 1--38},
 PUBLISHER = {Springer-Verlag, Berlin},
      YEAR = {2003}
}

@article {Mycielski77,
    AUTHOR = {Mycielski, J.},
     TITLE = {Research {P}roblems: {T}wo {P}roblems on {G}eometric {B}odies},
   JOURNAL = {Amer. Math. Monthly},
  FJOURNAL = {American Mathematical Monthly},
    VOLUME = {84},
      YEAR = {1977},
    NUMBER = {2},
     PAGES = {116--118}
}
@article {Laczkovich03,
    AUTHOR = {Laczkovich, M.},
     TITLE = {Equidecomposability of {J}ordan domains under groups of
              isometries},
   JOURNAL = {Fund. Math.},
  FJOURNAL = {Fundamenta Mathematicae},
    VOLUME = {177},
      YEAR = {2003},
    NUMBER = {2},
     PAGES = {151--173}
}

@book {Kechris95,
    AUTHOR = {Kechris, A. S.},
     TITLE = {Classical descriptive set theory},
    SERIES = {Graduate Texts in Mathematics},
    VOLUME = {156},
 PUBLISHER = {Springer-Verlag, New York},
      YEAR = {1995}
}

@book {KechrisMiller04,
    AUTHOR = {Kechris, A. S. and Miller, B. D.},
     TITLE = {Topics in orbit equivalence},
    SERIES = {Lecture Notes in Mathematics},
    VOLUME = {1852},
 PUBLISHER = {Springer-Verlag, Berlin},
      YEAR = {2004}
}

@misc{KechrisMarks16,
  author =        {Kechris, A. S. and Marks, A. S.},
  title =         {Descriptive Graph Combinatorics
},
  month = {September},
  year = {2016},
  note = {Preprint: \url{http://www.math.caltech.edu/~kechris/papers/combinatorics16.pdf}}
}

@misc{LaczkovichTalk,
  author =        {Laczkovich, M.},
  title =         {The story of squaring the circle},
  month = {July},
  year = {2017},
  note = {Talk slides: \url{http://homepages.warwick.ac.uk/~masfay/workshop_2017/Slides/Laczkovich.pdf}}
}

@article {Menger27,
    AUTHOR = {Menger, K.},
     TITLE = {Zur allgemeinen Kurventhoerie},
   JOURNAL = {Fundam. Math.},
    VOLUME = {10},
      YEAR = {1927},
     PAGES = {96--115}
}

@article {FordFulkerson57,
    AUTHOR = {Ford, Jr., L. R. and Fulkerson, D. R.},
     TITLE = {A simple algorithm for finding maximal network flows and an
              application to the {H}itchcock problem},
   JOURNAL = {Canadian J. Math.},
  FJOURNAL = {Canadian Journal of Mathematics. Journal Canadien de
              Math\'{e}matiques},
    VOLUME = {9},
      YEAR = {1957},
     PAGES = {210--218}
}

@incollection {DantzigFulkerson56,
    AUTHOR = {Dantzig, G. B. and Fulkerson, D. R.},
     TITLE = {On the max-flow min-cut theorem of networks},
 BOOKTITLE = {Linear inequalities and related systems},
    SERIES = {Annals of Mathematics Studies, no. 38},
     PAGES = {215--221},
 PUBLISHER = {Princeton University Press, Princeton, N. J.},
      YEAR = {1956}
}

@article {Grabner91,
    AUTHOR = {Grabner, P. J.},
     TITLE = {Erd{\H{o}}s-{T}ur\'{a}n type discrepancy bounds},
   JOURNAL = {Monatsh. Math.},
  FJOURNAL = {Monatshefte f\"{u}r Mathematik},
    VOLUME = {111},
      YEAR = {1991},
    NUMBER = {2},
     PAGES = {127--135}
}

@article {Vaaler85,
    AUTHOR = {Vaaler, J. D.},
     TITLE = {Some extremal functions in {F}ourier analysis},
   JOURNAL = {Bull. Amer. Math. Soc. (N.S.)},
  FJOURNAL = {American Mathematical Society. Bulletin. New Series},
    VOLUME = {12},
      YEAR = {1985},
    NUMBER = {2},
     PAGES = {183--216}
}


@book {DrmotaTicky97,
    AUTHOR = {Drmota, M. and Tichy, R. F.},
     TITLE = {Sequences, discrepancies and applications},
    SERIES = {Lecture Notes in Mathematics},
    VOLUME = {1651},
 PUBLISHER = {Springer-Verlag, Berlin},
      YEAR = {1997}
}

@article {ErdosTuran48I,
    AUTHOR = {Erd{\H{o}}s, P. and Tur\'{a}n, P.},
     TITLE = {On a problem in the theory of uniform distribution. {I}},
   JOURNAL = {Nederl. Akad. Wetensch., Proc.},
  FJOURNAL = {Proceedings. Akadamie van Wetenschappen Amsterdam.
              North-Holland, Amsterdam},
    VOLUME = {51},
      YEAR = {1948},
     PAGES = {1146--1154}
}

@article {ErdosTuran48II,
    AUTHOR = {Erd{\H{o}}s, P. and Tur\'{a}n, P.},
     TITLE = {On a problem in the theory of uniform distribution. {II}},
   JOURNAL = {Nederl. Akad. Wetensch., Proc.},
  FJOURNAL = {Proceedings. Akadamie van Wetenschappen Amsterdam.
              North-Holland, Amsterdam},
    VOLUME = {51},
      YEAR = {1948},
     PAGES = {1262--1269}
}

@book {Koksma50,
    AUTHOR = {Koksma, J. F.},
     TITLE = {Some theorems on {D}iophantine inequalities},
    SERIES = {Scriptum no. 5},
 PUBLISHER = {Math. Centrum Amsterdam},
      YEAR = {1950}
}

@article {Weyl16,
    AUTHOR = {Weyl, H.},
     TITLE = {\"{U}ber die {G}leichverteilung von {Z}ahlen mod. {E}ins},
   JOURNAL = {Math. Ann.},
  FJOURNAL = {Mathematische Annalen},
    VOLUME = {77},
      YEAR = {1916},
    NUMBER = {3},
     PAGES = {313--352}
}

@UNPUBLISHED{Schrijver17,
	AUTHOR={Schrijver, A.},
	TITLE={A Course in Combinatorial Optimization},
		NOTE={Unpublished lecture notes},
		YEAR={2017},
		MONTH={March}
}

@article {ConleyMiller16,
    AUTHOR = {Conley, C. T. and Miller, B. D.},
     TITLE = {A bound on measurable chromatic numbers of locally finite
              {B}orel graphs},
   JOURNAL = {Math. Res. Lett.},
  FJOURNAL = {Mathematical Research Letters},
    VOLUME = {23},
      YEAR = {2016},
    NUMBER = {6},
     PAGES = {1633--1644}
}

@article {Rado49,
    AUTHOR = {Rado, R.},
     TITLE = {Factorization of even graphs},
   JOURNAL = {Quart. J. Math., Oxford Ser.},
  FJOURNAL = {The Quarterly Journal of Mathematics. Oxford. Second Series},
    VOLUME = {20},
      YEAR = {1949},
     PAGES = {95--104}
}

@article {Hall48,
    AUTHOR = {Hall, Jr., M.},
     TITLE = {Distinct representatives of subsets},
   JOURNAL = {Bull. Amer. Math. Soc.},
  FJOURNAL = {Bulletin of the American Mathematical Society},
    VOLUME = {54},
      YEAR = {1948},
     PAGES = {922--926}
}

@article {Hall35,
    AUTHOR = {Hall, P.},
     TITLE = {On representatives of subsets},
   JOURNAL = {J. Lond. Math. Soc.},
  FJOURNAL = {Journal of the London Mathematical Society},
    VOLUME = {10},
      YEAR = {1935},
     PAGES = {26--30}
}

@incollection {Dantzig51,
    AUTHOR = {Dantzig, G. B.},
     TITLE = {Application of the simplex method to a transportation problem},
 BOOKTITLE = {Activity {A}nalysis of {P}roduction and {A}llocation},
    SERIES = {Cowles Commission Monograph No. 13},
     PAGES = {359--373},
 PUBLISHER = {John Wiley \& Sons, Inc., New York, N. Y.; Chapman \& Hall,
              Ltd., London},
      YEAR = {1951}
}

@article{DubinsHirschKarush63,
  author =        {Dubins, L. and Hirsch, M. W. and Karush, J.},
  journal =       {Israel J.\ Math.},
  pages =         {239--247},
  title =         {Scissor congruence},
  volume =        {1},
  year =          {1963},
}

@incollection {BoykinJackson07,
    AUTHOR = {Boykin, C. M. and Jackson, S.},
     TITLE = {Borel boundedness and the lattice rounding property},
 BOOKTITLE = {Advances in logic},
    SERIES = {Contemp. Math.},
    VOLUME = {425},
     PAGES = {113--126},
 PUBLISHER = {Amer. Math. Soc., Providence, RI},
      YEAR = {2007}
}

@article {GaoJackson15,
    AUTHOR = {Gao, S. and Jackson, S.},
     TITLE = {Countable abelian group actions and hyperfinite equivalence
              relations},
   JOURNAL = {Invent. Math.},
  FJOURNAL = {Inventiones Mathematicae},
    VOLUME = {201},
      YEAR = {2015},
    NUMBER = {1},
     PAGES = {309--383}
}

@article {Marks16,
    AUTHOR = {Marks, A. S.},
     TITLE = {A determinacy approach to {B}orel combinatorics},
   JOURNAL = {J. Amer. Math. Soc.},
  FJOURNAL = {Journal of the American Mathematical Society},
    VOLUME = {29},
      YEAR = {2016},
    NUMBER = {2},
     PAGES = {579--600}
}

@unpublished{GaoJacksonKrohneSeward15,
  author =        {Gao, S. and Jackson, S. and Krohne, E. and Seward, B.},
  title =         {Forcing constructions and countable {B}orel equivalence relations},
  year = {2015},
  note = {arXiv:1503.07822v1}
}

@unpublished{CieslaSabok19,
  author =        {Cie\'{s}la, T. and Sabok, M.},
  title =         {Measurable {H}all's theorem for actions of abelian groups},
  year = {2019},
  note = {arXiv:1903.02987v1}
}

@unpublished{ConleyJacksonMarksSewardTuckerDrob16,
  author =        {Conley, C. and Jackson, S. and Marks, A. and Seward, B. and Tucker-Drob, R.},
  title =         {Hyperfiniteness and {B}orel combinatorics},
  year = {2016},
  note = {arXiv:1611.02204v1}
}

@book {Diestel5th,
    AUTHOR = {Diestel, R.},
     TITLE = {Graph theory},
    SERIES = {Graduate Texts in Mathematics},
    VOLUME = {173},
   EDITION = {Fifth},
 PUBLISHER = {Springer, Berlin},
      YEAR = {2017}
}

@article {KechrisSoleckiTodorcevic99,
    AUTHOR = {Kechris, A. S. and Solecki, S. and Todorcevic, S.},
     TITLE = {Borel chromatic numbers},
   JOURNAL = {Adv. Math.},
  FJOURNAL = {Advances in Mathematics},
    VOLUME = {141},
      YEAR = {1999},
    NUMBER = {1},
     PAGES = {1--44}
}

@article {Gardner91,
    AUTHOR = {Gardner, R. J.},
     TITLE = {Measure theory and some problems in geometry},
   JOURNAL = {Atti Sem. Mat. Fis. Univ. Modena},
  FJOURNAL = {Atti del Seminario Matematico e Fisico dell'Universit\`a di
              Modena},
    VOLUME = {39},
      YEAR = {1991},
    NUMBER = {1},
     PAGES = {51--72}
}

@article {Timar13,
    AUTHOR = {Tim\'{a}r, \'{A}.},
     TITLE = {Boundary-connectivity via graph theory},
   JOURNAL = {Proc. Amer. Math. Soc.},
  FJOURNAL = {Proceedings of the American Mathematical Society},
    VOLUME = {141},
      YEAR = {2013},
    NUMBER = {2},
     PAGES = {475--480}
}

@article{GardnerWagon89,
  author =        {Gardner, R. J. and Wagon, S.},
  journal =       {Notices Amer.\ Math.\ Soc.},
  pages =         {1338--1343},
  title =         {At long last, the circle has been squared},
  volume =        {36},
  year =          {1989},
}

@article{HertelRichter03,
  author =        {Hertel, E. and Richter, C.},
  journal =       {Beitr\"age Algebra Geom.},
  pages =         {47--55},
  title =         {Squaring the circle by dissection},
  volume =        {44},
  year =          {2003},
}

@article{Laczkovich93rimut,
  author =        {Laczkovich, M.},
  journal =       {Rend. Istit. Mat. Univ. Trieste},
  note =          {School on Measure Theory and Real Analysis (Grado,
                   1991)},
  pages =         {145--176},
  title =         {Equidecomposability of sets, invariant measures, and
                   paradoxes},
  volume =        {23},
  year =          {1993},
}

@inproceedings{Laczkovich94,
  author =        {Laczkovich, M.},
  booktitle =     {First European Congress of Mathematics, Paris, July
                   6--10, 1992},
  editor =        {Joseph, A. and Mignot, F. and Murat, F. and Prum, B. and
                   Rentschler, R.},
  organization =  {Springer},
  pages =         {159--184},
  title =         {Paradoxical decompositions: a survey of recent
                   results},
  year =          {1994},
}

@incollection {Laczkovich02,
    AUTHOR = {Laczkovich, M.},
     TITLE = {Paradoxes in measure theory},
 BOOKTITLE = {Handbook of measure theory, {V}ol. {I}, {II}},
  editor =        {E. Pap},
     PAGES = {83--123},
 PUBLISHER = {North-Holland, Amsterdam},
      YEAR = {2002}
}

@article{Wagon81,
  author =        {S. Wagon},
  journal =       {Math. Intelligencer},
  pages =         {176--181},
  title =         {Circle-squaring in the twentieth century},
  volume =        {3},
  year =          {1980/81},
}

@book {Wagon85,
    AUTHOR = {Wagon, S.},
     TITLE = {The {B}anach-{T}arski paradox},
    SERIES = {Encyclopedia of Mathematics and its Applications},
    VOLUME = {24},
      NOTE = {With a foreword by Jan Mycielski},
 PUBLISHER = {Cambridge University Press, Cambridge},
      YEAR = {1985}
}

@article{Kronecker84,
  title={N{\"a}herungsweise ganzzahlige {A}ufl{\"o}sung linearer {G}leichungen},
  author={Kronecker, L.},
  journal={Monatsber. K\"oniglich. Preuss. Akad. Wiss. zu Berlin},
  year={1884},
  PAGES={1179--1193, 1271--1299 (\emph{Werke}, Vol. III, pp. 47--109. Teubner, Leipzig 1899)}
}

@book {TomkowiczWagon16,
    AUTHOR = {Tomkowicz, G. and Wagon, S.},
     TITLE = {The {B}anach-{T}arski paradox},
    SERIES = {Encyclopedia of Mathematics and its Applications},
    VOLUME = {163},
   EDITION = {Second},
      NOTE = {With a foreword by Jan Mycielski},
 PUBLISHER = {Cambridge University Press, New York},
      YEAR = {2016}
}

@article{BanachTarski24,
  author =        {S. {Banach} and A. {Tarski}},
  journal =       {Fund. Math.},
  pages =         {244--277},
  title =         {{Sur la d\'ecomposition des ensembles de points en
                   parties respectivement congruentes.}},
  volume =        {6},
  year =          {1924},
}

@article{Banach23,
  author =        {Banach, S.},
  journal =       {Fund.\ Math.},
  pages =         {7--33},
  title =         {Sur le probl{\'e}me de la mesure},
  volume =        {4},
  year =          {1923},
}

@article{Neumann29,
  author =        {{\VON{Neumann}{Von}{von}} Neumann, J.},
  journal =       {Fund.\ Math.},
  pages =         {73--116},
  title =         {Zur allgemeinen {Theorie} des {Masses}},
  volume =        {13},
  year =          {1929},
}

@article{Tarski25,
  author =        {A. Tarski},
  journal =       {Fund.\ Math.},
  pages =         {381},
  title =         {Probl{\`e}me 38},
  volume =        {7},
  year =          {1925},
}

@article{Gardner85,
  author =        {Gardner, R. J.},
  journal =       {Mathematika},
  pages =         {1--9},
  title =         {Convex bodies equidecomposable by locally discrete
                   groups of isometries},
  volume =        {32},
  year =          {1985},
}

@article{Laczkovich90,
  author =        {Laczkovich, M.},
  journal =       {J. Reine Angew. Math.},
  pages =         {77--117},
  title =         {Equidecomposability and discrepancy; a solution of
                   {T}arski's circle-squaring problem},
  volume =        {404},
  year =          {1990},
}

@article {Schmidt64,
    AUTHOR = {Schmidt, W. M.},
     TITLE = {Metrical theorems on fractional parts of sequences},
   JOURNAL = {Trans. Amer. Math. Soc.},
  FJOURNAL = {Transactions of the American Mathematical Society},
    VOLUME = {110},
      YEAR = {1964},
     PAGES = {493--518}
}

@article {NiederreiterWills75,
    AUTHOR = {Niederreiter, H. and Wills, J. M.},
     TITLE = {Diskrepanz und {D}istanz von {M}a\ss en bez\"{u}glich konvexer und
              {J}ordanscher {M}engen},
   JOURNAL = {Math. Z.},
  FJOURNAL = {Mathematische Zeitschrift},
    VOLUME = {144},
      YEAR = {1975},
    NUMBER = {2},
     PAGES = {125--134}
}

@article{Laczkovich92b,
  author =        {Laczkovich, M.},
  journal =       {J.\ Lond.\ Math.\ Soc.},
  pages =         {58--64},
  title =         {Decomposition of sets with small boundary},
  volume =        {46},
  year =          {1992},
}

@article{Laczkovich92,
  author =        {Laczkovich, M.},
  journal =       {J.\ Lond.\ Math.\ Soc.},
  pages =         {39--57},
  title =         {Uniformly spread discrete sets in {${\bf R}^d$}},
  volume =        {46},
  year =          {1992},
}

@article{Laczkovich93,
  author =        {Laczkovich, M.},
  journal =       {Mathematika},
  pages =         {290--304},
  title =         {Decomposition of sets of small or large boundary},
  volume =        {40},
  year =          {1993},
}


@article{GrabowskiMathePikhurko17,
  author =        {{\L}. Grabowski and A. M{\'a}th{\'e} and O. Pikhurko},
  journal =       {Ann. of Math. (2)},
  pages =         {671--710},
  title =         {Measurable Circle Squaring},
  volume =        {185},
  year =          {2017},
}

@article {Dehn01,
    AUTHOR = {Dehn, M.},
     TITLE = {Ueber den {R}auminhalt},
   JOURNAL = {Math. Ann.},
  FJOURNAL = {Mathematische Annalen},
    VOLUME = {55},
      YEAR = {1901},
    NUMBER = {3},
     PAGES = {465--478}
}

@article{MarksUnger17,
  author =        {Marks, A. and Unger, S.},
  journal =       {Ann. of Math. (2)},
  pages =         {581--605},
  title =         {Borel circle squaring},
  volume =        {186},
  year =          {2017},
}

@inproceedings{Mathe18icm,
  author =        {M{\'a}th{\'e}, A.},
  booktitle =     {{P}roc. {I}nt. {C}ong. of {M}ath. {V}olume {2}},
  pages =         {1709--1728},
  publisher =     {World Scientific},
  title =         {Measurable Equidecompositions},
  year =          {2018},
}
